%% This BibTeX bibliography file was created using BibDesk.
%% https://bibdesk.sourceforge.io/

%% Created for Lorena A Barba at 2024-03-04 14:53:11 -0500 


%% Saved with string encoding Unicode (UTF-8) 



@article{brown2021reproducing,
	author = {Brown, Duncan A and Vahi, Karan and Taufer, Michela and Welch, Von and Deelman, Ewa},
	date-added = {2024-03-04 14:52:42 -0500},
	date-modified = {2024-03-04 14:53:11 -0500},
	doi = {10.1109/MCSE.2021.3059232},
	journal = {Computing in Science \& Engineering},
	number = {2},
	pages = {73--82},
	publisher = {IEEE},
	title = {Reproducing GW150914: The first observation of gravitational waves from a binary black hole merger},
	volume = {23},
	year = {2021}}

@article{barba2021trustworthy,
	author = {Barba, Lorena A},
	date-added = {2024-03-04 14:21:12 -0500},
	date-modified = {2024-03-04 14:21:52 -0500},
	doi = {10.1109/MCSE.2020.3048406},
	journal = {Computing in Science \& Engineering},
	number = {1},
	pages = {58--64},
	publisher = {IEEE},
	title = {Trustworthy computational evidence through transparency and reproducibility},
	volume = {23},
	year = {2021}}

@article{plale2021reproducibility,
	author = {Plale, Beth A and Malik, Tanu and Pouchard, Line C},
	date-added = {2024-03-04 14:18:20 -0500},
	date-modified = {2024-03-04 14:18:54 -0500},
	doi = {10.1109/MCSE.2021.3096678},
	journal = {Computing in Science \& Engineering},
	number = {5},
	pages = {55--60},
	publisher = {IEEE},
	title = {Reproducibility practice in high-performance computing: Community survey results},
	volume = {23},
	year = {2021}}

@article{editorial2019naturemi,
	author = {{The Editors}},
	date-added = {2024-03-03 16:30:54 -0500},
	date-modified = {2024-03-03 16:32:27 -0500},
	doi = {10.1038/s42256-019-0092-6},
	journal = {Nature Machine Intelligence},
	pages = {329},
	title = {Sharing high expectations},
	volume = {1},
	year = {2019}}

@misc{pineau2019neurips,
	author = {Pineau, Joelle and Sinha, Koustuv},
	date-added = {2024-03-03 13:00:38 -0500},
	date-modified = {2024-03-03 13:07:07 -0500},
	howpublished = {Post on Medium},
	month = {September},
	title = {Behind the Program for Reproducibility at NeurIPS 2019},
	url = {https://neuripsconf.medium.com/behind-the-program-for-reproducibility-at-neurips-2019-8a020e57bfd9},
	year = {2019}}

@misc{chaudhuri2019,
	author = {Chaudhuri, Kamalika and Salakhutdinov, Ruslan},
	date-added = {2024-03-03 12:07:46 -0500},
	date-modified = {2024-03-03 12:10:03 -0500},
	howpublished = {Post on Medium},
	month = {June},
	title = {The {ICML} 2019 Code-at-Submit-Time Experiment},
	url = {https://web.archive.org/web/20190607163119/https://medium.com/@kamalika_19878/the-icml-2019-code-at-submit-time-experiment-f73872c23c55},
	year = {2019}}

@article{pineau2021improving,
	author = {Pineau, Joelle and Vincent-Lamarre, Philippe and Sinha, Koustuv and Larivi{\`e}re, Vincent and Beygelzimer, Alina and d'Alch{\'e}-Buc, Florence and Fox, Emily and Larochelle, Hugo},
	date-added = {2024-03-03 12:05:08 -0500},
	date-modified = {2024-03-03 12:05:48 -0500},
	journal = {The Journal of Machine Learning Research},
	number = {1},
	pages = {7459--7478},
	publisher = {JMLRORG},
	title = {Improving reproducibility in machine learning research (a report from the neurips 2019 reproducibility program)},
	url = {https://www.jmlr.org/papers/volume22/20-303/20-303.pdf},
	volume = {22},
	year = {2021}}
